<record><leader>00000cas a22000007a 4500</leader><controlfield tag="001">13535181</controlfield><controlfield tag="008">860506d1841186upauwr ne      0    0ger  </controlfield><controlfield tag="009">466</controlfield><datafield ind1=" " ind2=" " tag="010"><subfield code="a">sn 86071452 </subfield></datafield><datafield ind1=" " ind2=" " tag="040"><subfield code="a">DLC</subfield><subfield code="b">eng</subfield><subfield code="c">DLC</subfield><subfield code="d">NPX</subfield><subfield code="d">NPH</subfield></datafield><datafield ind1="1" ind2=" " tag="029"><subfield code="a">AU@</subfield><subfield code="b">000025785715</subfield></datafield><datafield ind1=" " ind2=" " tag="042"><subfield code="a">msc</subfield></datafield><datafield ind1="0" ind2="0" tag="050"><subfield code="a">Newspaper 9375-X</subfield></datafield><datafield ind1="0" ind2=" " tag="130"><subfield code="a">Geist der Zeit (Kutztown, Pa.)</subfield></datafield><datafield ind1="0" ind2="4" tag="245"><subfield code="a">Der Geist der Zeit.</subfield></datafield><datafield ind1="0" ind2="7" tag="246"><subfield code="a">Geist der Zeit, eine demokratische Zeitung fu&#776;r Stadt und Land</subfield></datafield><datafield ind1=" " ind2=" " tag="260"><subfield code="a">Kutztaun, Pa. :</subfield><subfield code="b">Hawrecht und Wink,</subfield><subfield code="c">1841-</subfield></datafield><datafield ind1=" " ind2=" " tag="300"><subfield code="a">v. :</subfield><subfield code="b">ill. (chiefly advertisements) ;</subfield><subfield code="c">52 cm.</subfield></datafield><datafield ind1=" " ind2=" " tag="310"><subfield code="a">Weekly</subfield></datafield><datafield ind1="0" ind2=" " tag="362"><subfield code="a">Jahrg. 1, nr. 1 (3. June 1841)-</subfield></datafield><datafield ind1=" " ind2=" " tag="546"><subfield code="a">In German.</subfield></datafield><datafield ind1=" " ind2=" " tag="580"><subfield code="a">Continued by: Geist der Zeit und Kutztauner Anzeiger. Cf. Arndt &amp; Olson.  German lang. press.</subfield></datafield><datafield ind1=" " ind2=" " tag="752"><subfield code="a">United States</subfield><subfield code="b">Pennsylvania</subfield><subfield code="c">Berks</subfield><subfield code="d">Kutztown.</subfield></datafield><datafield ind1="1" ind2="0" tag="785"><subfield code="t">Geist der Zeit und Kutztauner Anzeiger</subfield><subfield code="w">(OCoLC)18864707</subfield></datafield></record>